@article{lobell2020changes,
  title={Changes in the drought sensitivity of US maize yields},
  author={Lobell, David B and Deines, Jillian M and Tommaso, Stefania Di},
  journal={Nature Food},
  volume={1},
  number={11},
  pages={729-735},
  year={2020},
  publisher={Nature Publishing Group UK London}
}

@article{guo2021uas,
  title={UAS-based plant phenotyping for research and breeding applications},
  author={Guo, Wei and Carroll, Matthew E and Singh, Arti and Swetnam, Tyson L and Merchant, Nirav and Sarkar, Soumik and Singh, Asheesh K and Ganapathysubramanian, Baskar},
  journal={Plant Phenomics},
  year={2021},
  publisher={AAAS}
}

@article{lima2023genomes,
  title={Genomes to fields 2022 maize genotype by environment prediction competition},
  author={Lima, Dayane Cristina and Washburn, Jacob D and Varela, Jos{\'e} Ignacio and Chen, Qiuyue and Gage, Joseph L and Romay, Maria Cinta and Holland, James and Ertl, David and Lopez-Cruz, Marco and Aguate, Fernando M and others},
  journal={BMC Research Notes},
  volume={16},
  number={1},
  pages={148},
  year={2023},
  publisher={Springer}
}

@article{zhang2020estimation,
  title={Estimation of maize yield and effects of variable-rate nitrogen application using UAV-based RGB imagery},
  author={Zhang, Meina and Zhou, Jianfeng and Sudduth, Kenneth A and Kitchen, Newell R},
  journal={Biosystems Engineering},
  volume={189},
  pages={24--35},
  year={2020},
  publisher={Elsevier}
}

@article{rouse1974monitoring,
  title={Monitoring vegetation systems in the Great Plains with ERTS},
  author={Rouse, John Wilson and Haas, R{\"u}diger H and Schell, John A and Deering, Donald W and others},
  journal={NASA Spec. Publ},
  volume={351},
  number={1},
  pages={309},
  year={1974}
}

@inproceedings{siegmann2013comparison,
  title={Comparison of narrow band vegetation indices and empirical models from hyperspectral remote sensing data for the assessment of wheat nitrogen concentration},
  author={Siegmann, Bastian and Jarmer, Thomas and Lilienthal, Holger and Richter, N and Selige, T and H{\"o}fled, B},
  booktitle={Proceedings of the 8th EARSeL Workshop on Imaging Spectroscopy, Nantes, France},
  pages={8--10},
  year={2013}
}

@inproceedings{woebbecke1993plant,
  title={Plant species identification, size, and enumeration using machine vision techniques on near-binary images},
  author={Woebbecke, David M and Meyer, George E and Von Bargen, Kenneth and Mortensen, David A},
  booktitle={Optics in Agriculture and Forestry},
  volume={1836},
  pages={208--219},
  year={1993},
  organization={SPIE}
}
@article{louhaichi2001spatially,
  title={Spatially located platform and aerial photography for documentation of grazing impacts on wheat},
  author={Louhaichi, Mounir and Borman, Michael M and Johnson, Douglas E},
  journal={Geocarto International},
  volume={16},
  number={1},
  pages={65--70},
  year={2001},
  publisher={Taylor \& Francis}
}

@article{sripada2006aerial,
  title={Aerial color infrared photography for determining early in-season nitrogen requirements in corn},
  author={Sripada, Ravi P and Heiniger, Ronnie W and White, Jeffrey G and Meijer, Alan D},
  journal={Agronomy Journal},
  volume={98},
  number={4},
  pages={968--977},
  year={2006},
  publisher={Wiley Online Library}
}

@article{gitelson1998remote,
  title={Remote sensing of chlorophyll concentration in higher plant leaves},
  author={Gitelson, Anatoly A and Merzlyak, Mark N},
  journal={Advances in Space Research},
  volume={22},
  number={5},
  pages={689--692},
  year={1998},
  publisher={Elsevier}
}

@article{huete1988soil,
  title={A soil-adjusted vegetation index (SAVI)},
  author={Huete, Alfredo R},
  journal={Remote Sensing of Environment},
  volume={25},
  number={3},
  pages={295--309},
  year={1988},
  publisher={Elsevier}
}

@article{gillies2019rasterio,
  title={Rasterio documentation},
  author={Gillies, Sean},
  journal={MapBox: San Francisco, CA, USA},
  volume={23},
  year={2019}
}

@article{dalla2015durum,
  title={Durum wheat in-field monitoring and early-yield prediction: assessment of potential use of high resolution satellite imagery in a hilly area of Tuscany, Central Italy},
  author={Dalla Marta, Anna and Grifoni, D and Mancini, Marco and Orlando, F and Guasconi, Federico and Orlandini, Simone},
  journal={The Journal of Agricultural Science},
  volume={153},
  number={1},
  pages={68--77},
  year={2015},
  publisher={Cambridge University Press}
}

@article{zhang2020high,
  title={High-resolution satellite imagery applications in crop phenotyping: an overview},
  author={Zhang, Chongyuan and Marzougui, Afef and Sankaran, Sindhuja},
  journal={Computers and Electronics in Agriculture},
  volume={175},
  pages={105584},
  year={2020},
  publisher={Elsevier}
}

@inproceedings{sankaran2020investigating,
  title={Investigating the potential of satellite imagery for high-throughput field phenotyping applications},
  author={Sankaran, Sindhuja and Zhang, Chongyuan and Hurst, J Preston and Marzougui, Afef and Veeranampalayam-Sivakumar, Arun Narenthiran and Li, Jiating and Schnable, James and Shi, Yeyin},
  booktitle={Autonomous air and ground sensing systems for agricultural optimization and phenotyping V},
  volume={11414},
  pages={1141402},
  year={2020},
  organization={SPIE}
}

@article{sankaran2021can,
  title={Can High-Resolution Satellite Multispectral Imagery Be Used to Phenotype Canopy Traits and Yield Potential in Field Conditions?},
  author={Sankaran, Sindhuja and Marzougui, Afef and Hurst, J Preston and Zhang, Chongyuan and Schnable, James C and Shi, Yeyin},
  journal={Transactions of the ASABE},
  volume={64},
  number={3},
  pages={879--891},
  year={2021},
  publisher={American Society of Agricultural and Biological Engineers}
}

@article{victor2024high,
  title={High-Throughput Plot-Level Quantitative Phenotyping Using Convolutional Neural Networks on Very High-Resolution Satellite Images},
  author={Victor, Brandon and Nibali, Aiden and Newman, Saul Justin and Coram, Tristan and Pinto, Francisco and Reynolds, Matthew and Furbank, Robert T and He, Zhen},
  journal={Remote Sensing},
  volume={16},
  number={2},
  pages={282},
  year={2024},
  publisher={MDPI}
}

@article{High-res-sat,
title = {Forecasting maize yield at field scale based on high-resolution satellite imagery},
journal = {Biosystems Engineering},
volume = {171},
pages = {179-192},
year = {2018},
issn = {1537-5110},
doi = {https://doi.org/10.1016/j.biosystemseng.2018.04.020},
url = {https://www.sciencedirect.com/science/article/pii/S1537511017310152},
author = {Rai A. Schwalbert and Telmo J.C. Amado and Luciana Nieto and Sebastian Varela and Geomar M. Corassa and Tiago A.N. Horbe and Charles W. Rice and Nahuel R. Peralta and Ignacio A. Ciampitti}
}
@Article{30m-china,
AUTHOR = {Niu, Q. and Li, X. and Huang, J. and Huang, H. and Huang, X. and Su, W. and Yuan, W.},
TITLE = {A 30\,m annual maize phenology dataset from 1985 to 2020 in China},
JOURNAL = {Earth System Science Data},
VOLUME = {14},
YEAR = {2022},
NUMBER = {6},
PAGES = {2851--2864},
URL = {https://essd.copernicus.org/articles/14/2851/2022/},
DOI = {10.5194/essd-14-2851-2022}
}

@Article{china-20yr,
author={Peng, Qiongyan
and Shen, Ruoque
and Li, Xiangqian
and Ye, Tao
and Dong, Jie
and Fu, Yangyang
and Yuan, Wenping},
title={A twenty-year dataset of high-resolution maize distribution in China},
journal={Scientific Data},
year={2023},
month={Sep},
day={26},
volume={10},
number={1},
pages={658},
doi={10.1038/s41597-023-02573-6},
url={https://doi.org/10.1038/s41597-023-02573-6}
}

@article{US_sat_cornbelt,
title = {A million kernels of truth: Insights into scalable satellite maize yield mapping and yield gap analysis from an extensive ground dataset in the US Corn Belt},
journal = {Remote Sensing of Environment},
volume = {253},
pages = {112174},
year = {2021},
issn = {0034-4257},
doi = {https://doi.org/10.1016/j.rse.2020.112174},
url = {https://www.sciencedirect.com/science/article/pii/S0034425720305472},
author = {Jillian M. Deines and Rinkal Patel and Sang-Zi Liang and Walter Dado and David B. Lobell},
keywords = {Crop yields, US Corn Belt, Landsat, Agricultural monitoring},
}

@article{araus2018breeding,
  title={Breeding to adapt agriculture to climate change: affordable phenotyping solutions},
  author={Araus, Jos{\'e} L and Kefauver, Shawn C},
  journal={Current Opinion in Plant Biology},
  volume={45},
  pages={237--247},
  year={2018},
  publisher={Elsevier}
}

@article{kakooei2017fusion,
  title={Fusion of satellite, aircraft, and UAV data for automatic disaster damage assessment},
  author={Kakooei, Mohammad and Baleghi, Yasser},
  journal={International Journal of Remote Sensing},
  volume={38},
  number={8-10},
  pages={2511--2534},
  year={2017},
  publisher={Taylor \& Francis}
}

@article{wan2020grain,
  title={Grain yield prediction of rice using multi-temporal UAV-based RGB and multispectral images and model transfer--a case study of small farmlands in the South of China},
  author={Wan, Liang and Cen, Haiyan and Zhu, Jiangpeng and Zhang, Jiafei and Zhu, Yueming and Sun, Dawei and Du, Xiaoyue and Zhai, Li and Weng, Haiyong and Li, Yijian and others},
  journal={Agricultural and Forest Meteorology},
  volume={291},
  pages={108096},
  year={2020},
  publisher={Elsevier}
}

@article{pathak2020use,
  title={Use of drones in agriculture: Potentials, Problems and Policy Needs},
  author={Pathak, Himanshu and Kumar, G and Mohapatra, SD and Gaikwad, BB and Rane, J},
  journal={ICAR-National Institute of Abiotic Stress Management},
  volume={300},
  pages={4--15},
  year={2020}
}

@article{adak2023pedigree,
  title={Pedigree-management-flight interaction for temporal phenotype analysis and temporal phenomic prediction},
  author={Adak, Alper and Anderson, Steven L and Murray, Seth C},
  journal={The Plant Phenome Journal},
  volume={6},
  number={1},
  pages={e20057},
  year={2023},
  publisher={Wiley Online Library}
}

@article{wang2010large,
  title={Large-area rice yield forecasting using satellite imageries},
  author={Wang, Yi-Ping and Chang, Kuo-Wei and Chen, Rong-Kuen and Lo, Jeng-Chung and Shen, Yuan},
  journal={International Journal of Applied Earth Observation and Geoinformation},
  volume={12},
  number={1},
  pages={27--35},
  year={2010},
  publisher={Elsevier}
}

@article{kamir2020estimating,
  title={Estimating wheat yields in Australia using climate records, satellite image time series and machine learning methods},
  author={Kamir, Elisa and Waldner, Fran{\c{c}}ois and Hochman, Zvi},
  journal={ISPRS Journal of Photogrammetry and Remote Sensing},
  volume={160},
  pages={124--135},
  year={2020},
  publisher={Elsevier}
}

@article{joshi2023artificial,
  title={Artificial intelligence and satellite-based remote sensing can be used to predict soybean (Glycine max) yield},
  author={Joshi, Deepak R and Clay, Sharon A and Sharma, Prakriti and Rekabdarkolaee, Hossein Moradi and Kharel, Tulsi and Rizzo, Donna M and Thapa, Resham and Clay, David E},
  journal={Agronomy Journal},
  year={2023},
  publisher={Wiley Online Library}
}

@article{shendryk2021integrating,
  title={Integrating satellite imagery and environmental data to predict field-level cane and sugar yields in Australia using machine learning},
  author={Shendryk, Yuri and Davy, Robert and Thorburn, Peter},
  journal={Field Crops Research},
  volume={260},
  pages={107984},
  year={2021},
  publisher={Elsevier}
}

@article{sankaran2019unmanned,
  title={Unmanned aerial system and satellite-based high resolution imagery for high-throughput phenotyping in dry bean},
  author={Sankaran, Sindhuja and Quir{\'o}s, Juan Jos{\'e} and Miklas, Phillip N},
  journal={Computers and Electronics in Agriculture},
  volume={165},
  pages={104965},
  year={2019},
  publisher={Elsevier}
}

@article{roznik2022improving,
  title={Improving crop yield estimation by applying higher resolution satellite NDVI imagery and high-resolution cropland masks},
  author={Roznik, Mitchell and Boyd, Milton and Porth, Lysa},
  journal={Remote Sensing Applications: Society and Environment},
  volume={25},
  pages={100693},
  year={2022},
  publisher={Elsevier}
}

@article{peng2023twenty,
  title={A twenty-year dataset of high-resolution maize distribution in China},
  author={Peng, Qiongyan and Shen, Ruoque and Li, Xiangqian and Ye, Tao and Dong, Jie and Fu, Yangyang and Yuan, Wenping},
  journal={Scientific Data},
  volume={10},
  number={1},
  pages={658},
  year={2023},
  publisher={Nature Publishing Group UK London}
}

@misc{p4d,
  author = "{Pix4D}",
  title = "Professional photogrammetry and drone mapping software",
  year = "2024",
  howpublished = "\url{https://www.pix4d.com}",
  note = "[Online; accessed 2024-03-11]"
}


@misc{agisoft,
  author = "{Agisoft Metashape}",
  title = {Agisoft Metashape},
  year = {2024},
  howpublished = {\url{http://www.agisoft.com/downloads/installer}},
  note = {[Online; accessed 2024-03-11]}
}

@article{oliveira2018failure,
  title={Failure detection in row crops from UAV images using morphological operators},
  author={Oliveira, Henrique C and Guizilini, Vitor C and Nunes, Israel P and Souza, Jefferson R},
  journal={IEEE Geoscience and Remote Sensing Letters},
  volume={15},
  number={7},
  pages={991--995},
  year={2018},
  publisher={IEEE}
}

@inproceedings{themistocleous2014damage,
  title={Damage assessment using advanced non-intrusive inspection methods: Integration of space, UAV, GPR, and field spectroscopy},
  author={Themistocleous, Kyriacos and Neocleous, Kyriacos and Pilakoutas, Kypros and Hadjimitsis, Diofantos G},
  booktitle={Second International Conference on Remote Sensing and Geoinformation of the Environment (RSCy2014)},
  volume={9229},
  pages={496--500},
  year={2014},
  organization={SPIE}
}

@article{macdonald1980global,
  title={Global crop forecasting},
  author={MacDonald, Robert B and Hall, Forrest G},
  journal={Science},
  volume={208},
  number={4445},
  pages={670--679},
  year={1980},
  publisher={American Association for the Advancement of Science}
}

@article{funk2009phenologically,
  title={Phenologically-tuned MODIS NDVI-based production anomaly estimates for Zimbabwe},
  author={Funk, Chris and Budde, Michael E},
  journal={Remote Sensing of Environment},
  volume={113},
  number={1},
  pages={115--125},
  year={2009},
  publisher={Elsevier}
}

@article{lopresti2015relationship,
  title={Relationship between MODIS-NDVI data and wheat yield: A case study in Northern Buenos Aires province, Argentina},
  author={Lopresti, Mariano F and Di Bella, Carlos M and Degioanni, Am{\'e}rico J},
  journal={Information Processing in Agriculture},
  volume={2},
  number={2},
  pages={73--84},
  year={2015},
  publisher={Elsevier}
}

@article{hamar1996yield,
  title={Yield estimation for corn and wheat in the Hungarian Great Plain using Landsat MSS data},
  author={Hamar, D and Ferencz, Cs and Lichtenberger, J and Tarcsai, Gy and Ferencz-{\'A}rkos, I},
  journal={International Journal of Remote Sensing},
  volume={17},
  number={9},
  pages={1689--1699},
  year={1996},
  publisher={Taylor \& Francis}
}

@article{noureldin2013rice,
  title={Rice yield forecasting models using satellite imagery in Egypt},
  author={Noureldin, NA and Aboelghar, MA and Saudy, HS and Ali, AM},
  journal={The Egyptian Journal of Remote Sensing and Space Science},
  volume={16},
  number={1},
  pages={125--131},
  year={2013},
  publisher={Elsevier}
}

@article{schwalbert2020mid,
  title={Mid-season county-level corn yield forecast for US Corn Belt integrating satellite imagery and weather variables},
  author={Schwalbert, Rai and Amado, Telmo and Nieto, Luciana and Corassa, Geomar and Rice, Charles and Peralta, Nahuel and Schauberger, Bernhard and Gornott, Christoph and Ciampitti, Ignacio},
  journal={Crop Science},
  volume={60},
  number={2},
  pages={739--750},
  year={2020},
  publisher={Wiley Online Library}
}

@article{jin2017improving,
  title={Improving the accuracy of satellite-based high-resolution yield estimation: A test of multiple scalable approaches},
  author={Jin, Zhenong and Azzari, George and Lobell, David B},
  journal={Agricultural and Forest Meteorology},
  volume={247},
  pages={207--220},
  year={2017},
  publisher={Elsevier}
}

@article{pinto2023satellite,
  title={Satellite imagery for high-throughput phenotyping in breeding plots},
  author={Pinto, Francisco and Zaman-Allah, Mainassara and Reynolds, Matthew and Schulthess, Urs},
  journal={Frontiers in Plant Science},
  volume={14},
  pages={1114670},
  year={2023},
  publisher={Frontiers}
}

@article{schwalbert2018forecasting,
  title={Forecasting maize yield at field scale based on high-resolution satellite imagery},
  author={Schwalbert, Rai A and Amado, Telmo JC and Nieto, Luciana and Varela, Sebastian and Corassa, Geomar M and Horbe, Tiago AN and Rice, Charles W and Peralta, Nahuel R and Ciampitti, Ignacio A},
  journal={Biosystems Engineering},
  volume={171},
  pages={179--192},
  year={2018},
  publisher={Elsevier}
}

@article{lobell2020eyes,
  title={Eyes in the sky, boots on the ground: Assessing satellite-and ground-based approaches to crop yield measurement and analysis},
  author={Lobell, David B and Azzari, George and Burke, Marshall and Gourlay, Sydney and Jin, Zhenong and Kilic, Talip and Murray, Siobhan},
  journal={American Journal of Agricultural Economics},
  volume={102},
  number={1},
  pages={202--219},
  year={2020},
  publisher={Wiley Online Library}
}

@article{schwalbert2020satellite,
  title={Satellite-based soybean yield forecast: Integrating machine learning and weather data for improving crop yield prediction in southern Brazil},
  author={Schwalbert, Ra{\'\i} A and Amado, Telmo and Corassa, Geomar and Pott, Luan Pierre and Prasad, PV Vara and Ciampitti, Ignacio A},
  journal={Agricultural and Forest Meteorology},
  volume={284},
  pages={107886},
  year={2020},
  publisher={Elsevier}
}

@article{johnson2016crop,
  title={Crop yield forecasting on the Canadian Prairies by remotely sensed vegetation indices and machine learning methods},
  author={Johnson, Michael D and Hsieh, William W and Cannon, Alex J and Davidson, Andrew and B{\'e}dard, Fr{\'e}d{\'e}ric},
  journal={Agricultural and Forest Meteorology},
  volume={218},
  pages={74--84},
  year={2016},
  publisher={Elsevier}
}

@article{di2016overview,
  title={An overview of available crop growth and yield models for studies and assessments in agriculture},
  author={Di Paola, Arianna and Valentini, Riccardo and Santini, Monia},
  journal={Journal of the Science of Food and Agriculture},
  volume={96},
  number={3},
  pages={709--714},
  year={2016},
  publisher={Wiley Online Library}
}

@article{yang2009evaluating,
  title={Evaluating high resolution SPOT 5 satellite imagery to estimate crop yield},
  author={Yang, Chenghai and Everitt, JH and Bradford, JM},
  journal={Precision Agriculture},
  volume={10},
  pages={292--303},
  year={2009},
  publisher={Springer}
}


@article{morisse2022european,
  title={A European perspective on opportunities and demands for field-based crop phenotyping},
  author={Morisse, Merlijn and Wells, Darren M and Millet, Emilie J and Lillemo, Morten and Fahrner, Sven and Cellini, Francesco and Lootens, Peter and Muller, Onno and Herrera, Juan M and Bentley, Alison R and others},
  journal={Field Crops Research},
  volume={276},
  pages={108371},
  year={2022},
  publisher={Elsevier}
}

@article{Carroll24IDC,
author = {Carroll, Matthew and Rairdin, Ashlyn and Van der Laan, Liza and Ferela, Antonella and Hanumolu, Sahishnu and Sarkar, Soumik and Ganapathysubramanian, Baskar and Singh, Arti and Singh, Asheesh K.},
title = {Time Series GWAS for Iron Deficiency Chlorosis Tolerance in Soybean using Aerial Imagery},
journal = {The Plant Phenome [Manuscript submitted for publication]},
volume = {},
number = {},
year = {2024},
DOI = {},
}

@article{erenstein2022global,
  title={Global maize production, consumption and trade: Trends and R\&D implications},
  author={Erenstein, Olaf and Jaleta, Moti and Sonder, Kai and Mottaleb, Khondoker and Prasanna, BM},
  journal={Food security},
  volume={14},
  number={5},
  pages={1295--1319},
  year={2022},
  publisher={Springer}
}

@article{scikit-learn,
  title={Scikit-learn: Machine Learning in {P}ython},
  author={Pedregosa, F. and Varoquaux, G. and Gramfort, A. and Michel, V.
          and Thirion, B. and Grisel, O. and Blondel, M. and Prettenhofer, P.
          and Weiss, R. and Dubourg, V. and Vanderplas, J. and Passos, A. and
          Cournapeau, D. and Brucher, M. and Perrot, M. and Duchesnay, E.},
  journal={Journal of Machine Learning Research},
  volume={12},
  pages={2825--2830},
  year={2011}
}

@article{opencv_library,
    author = {Bradski, G.},
    citeulike-article-id = {2236121},
    journal = {Dr. Dobb's Journal of Software Tools},
    keywords = {bibtex-import},
    posted-at = {2008-01-15 19:21:54},
    priority = {4},
    title = {{The OpenCV Library}},
    year = {2000}
}

@article{li2020above,
  title={Above-ground biomass estimation and yield prediction in potato by using UAV-based RGB and hyperspectral imaging},
  author={Li, Bo and Xu, Xiangming and Zhang, Li and Han, Jiwan and Bian, Chunsong and Li, Guangcun and Liu, Jiangang and Jin, Liping},
  journal={ISPRS Journal of Photogrammetry and Remote Sensing},
  volume={162},
  pages={161--172},
  year={2020},
  publisher={Elsevier}
}

@article{bhadra2023end,
  title={End-to-end 3D CNN for plot-scale soybean yield prediction using multitemporal UAV-based RGB images},
  author={Bhadra, Sourav and Sagan, Vasit and Skobalski, Juan and Grignola, Fernando and Sarkar, Supria and Vilbig, Justin},
  journal={Precision Agriculture},
  pages={1--31},
  year={2023},
  publisher={Springer}
}

@article{fathipoor2019corn,
  title={Corn forage yield prediction using unmanned aerial vehicle images at mid-season growth stage},
  author={Fathipoor, Hafez and Arefi, Hossein and Shah-Hosseini, Reza and Moghadam, Hossein},
  journal={Journal of Applied Remote Sensing},
  volume={13},
  number={3},
  pages={034503--034503},
  year={2019},
  publisher={Society of Photo-Optical Instrumentation Engineers}
}

@article{li2019principal,
  title={Principal variable selection to explain grain yield variation in winter wheat from features extracted from UAV imagery},
  author={Li, Jiating and Veeranampalayam-Sivakumar, Arun-Narenthiran and Bhatta, Madhav and Garst, Nicholas D and Stoll, Hannah and Stephen Baenziger, P and Belamkar, Vikas and Howard, Reka and Ge, Yufeng and Shi, Yeyin},
  journal={Plant Methods},
  volume={15},
  pages={1--13},
  year={2019},
  publisher={Springer}
}

@article{wan2020grain,
  title={Grain yield prediction of rice using multi-temporal UAV-based RGB and multispectral images and model transfer--a case study of small farmlands in the South of China},
  author={Wan, Liang and Cen, Haiyan and Zhu, Jiangpeng and Zhang, Jiafei and Zhu, Yueming and Sun, Dawei and Du, Xiaoyue and Zhai, Li and Weng, Haiyong and Li, Yijian and others},
  journal={Agricultural and Forest Meteorology},
  volume={291},
  pages={108096},
  year={2020},
  publisher={Elsevier}
}

@article{peng2020towards,
  title={Towards a multiscale crop modelling framework for climate change adaptation assessment},
  author={Peng, Bin and Guan, Kaiyu and Tang, Jinyun and Ainsworth, Elizabeth A and Asseng, Senthold and Bernacchi, Carl J and Cooper, Mark and Delucia, Evan H and Elliott, Joshua W and Ewert, Frank and others},
  journal={Nature plants},
  volume={6},
  number={4},
  pages={338--348},
  year={2020},
  publisher={Nature Publishing Group UK London}
}

@misc{USDANASS,
  title        = "2022 Iowa Agriculture Statistics",
  author       = "{NASS}",
  howpublished = "\url{https://www.nass.usda.gov/Statistics_by_State/Iowa/Publications/Annual_Statistical_Bulletin/2022-Iowa-Annual-Bulletin.pdf}",
  year         = 2022,
  note         = "Accessed: 2024-04-10"
}

@article{han2019modeling,
  title={Modeling maize above-ground biomass based on machine learning approaches using UAV remote-sensing data},
  author={Han, Liang and Yang, Guijun and Dai, Huayang and Xu, Bo and Yang, Hao and Feng, Haikuan and Li, Zhenhai and Yang, Xiaodong},
  journal={Plant methods},
  volume={15},
  pages={1--19},
  year={2019},
  publisher={Springer}
}

@article{adak2023temporal,
  title={Temporal phenomic predictions from unoccupied aerial systems can outperform genomic predictions},
  author={Adak, Alper and Murray, Seth C and Anderson, Steven L},
  journal={G3},
  volume={13},
  number={1},
  pages={jkac294},
  year={2023},
  publisher={Oxford University Press US}
}

@article{van2020crop,
  title={Crop yield prediction using machine learning: A systematic literature review},
  author={Van Klompenburg, Thomas and Kassahun, Ayalew and Catal, Cagatay},
  journal={Computers and Electronics in Agriculture},
  volume={177},
  pages={105709},
  year={2020},
  publisher={Elsevier}
}

@article{nevavuori2019crop,
  title={Crop yield prediction with deep convolutional neural networks},
  author={Nevavuori, Petteri and Narra, Nathaniel and Lipping, Tarmo},
  journal={Computers and electronics in agriculture},
  volume={163},
  pages={104859},
  year={2019},
  publisher={Elsevier}
}

@article{yang2019deep,
  title={Deep convolutional neural networks for rice grain yield estimation at the ripening stage using UAV-based remotely sensed images},
  author={Yang, Qi and Shi, Liangsheng and Han, Jinye and Zha, Yuanyuan and Zhu, Penghui},
  journal={Field Crops Research},
  volume={235},
  pages={142--153},
  year={2019},
  publisher={Elsevier}
}

@article{moghimi2020aerial,
  title={Aerial hyperspectral imagery and deep neural networks for high-throughput yield phenotyping in wheat},
  author={Moghimi, Ali and Yang, Ce and Anderson, James A},
  journal={Computers and Electronics in Agriculture},
  volume={172},
  pages={105299},
  year={2020},
  publisher={Elsevier}
}

@inproceedings{goyal2024efficient,
  title={Efficient Representation Learning of Satellite Image Time Series and Their Fusion for Spatiotemporal Applications},
  author={Goyal, Poonam and Kaur, Arshveer and Ram, Arvind and Goyal, Navneet},
  booktitle={Proceedings of the AAAI Conference on Artificial Intelligence},
  volume={38},
  number={8},
  pages={8436--8444},
  year={2024}
}

@article{lobell2014greater,
  title={Greater sensitivity to drought accompanies maize yield increase in the US Midwest},
  author={Lobell, David B and Roberts, Michael J and Schlenker, Wolfram and Braun, Noah and Little, Bertis B and Rejesus, Roderick M and Hammer, Graeme L},
  journal={Science},
  volume={344},
  number={6183},
  pages={516--519},
  year={2014},
  publisher={American Association for the Advancement of Science}
}

@article{ort2014limits,
  title={Limits on yields in the corn belt},
  author={Ort, Donald R and Long, Stephen P},
  journal={Science},
  volume={344},
  number={6183},
  pages={484--485},
  year={2014},
  publisher={American Association for the Advancement of Science}
}